@inproceedings{MaierEtAl17InterSpeech,
  author       = {Maier, Angelika and Hough, Julian and Schlangen, David},
  booktitle    = {Proceedings of INTERSPEECH 2017},
  location     = {Stockholm, Sweden},
  title        = {{Towards Deep End-of-Turn Prediction for Situated Spoken Dialogue Systems}},
  year         = {2017},
}


@InProceedings{HoughPurver12SemDial,
  author    = "Hough, Julian  and  Purver, Matthew",
  title     = "Processing Self-Repairs in an Incremental Type-Theoretic Dialogue System",
  booktitle = "Proceedings of the 16th {SemDial} Workshop on the Semantics and Pragmatics of Dialogue ({SeineDial})",
  month     = sep,
  year      = 2012,
  address   = "Paris, France",
  pages     = "136--144"
}

@InCollection{EshghiEtAl12Cooper,
  author = "Eshghi, Arash and Hough, Julian and Purver, Matthew and Kempson, Ruth and Gregoromichelaki, Eleni",
  title = "Conversational Interactions: Capturing Dialogue Dynamics",
  year = 2012,
  booktitle = "From Quantification to Conversation: Festschrift for Robin Cooper on the occasion of his 65th birthday",
  editor = "Larsson, S. and Borin, L.",
  publisher = "College Publications",
  address = "London",
  series = "Tributes",
  volume = 19,
  pages = "325--349",
  annote = "ISBN 978-1-904987-91-2",
  isbn = "978-1-904987-91-2",
}


@INPROCEEDINGS{Hough11RANLP,
  author = {Julian Hough},
  title = {Incremental Semantics Driven Natural Language Generation with Self-Repairing Capability},
  booktitle = {Proceedings of the Student Research Workshop associated with RANLP 2011},
  year = {2011},
  address = {Hissar, Bulgaria},
  pages = {79--84},
  date = {September 2011}
}

@inproceedings{HoughSchlangen17HRI,
 author = {Hough, Julian and Schlangen, David},
 title = {It's Not What You Do, It's How You Do It: Grounding Uncertainty for a Simple Robot},
 booktitle = {Proceedings of the 2017 ACM/IEEE International Conference on Human-Robot Interaction},
 series = {HRI '17},
 year = {2017},
 isbn = {978-1-4503-4336-7},
 location = {Vienna, Austria},
 pages = {274--282},
 numpages = {9},
 doi = {10.1145/2909824.3020214},
 acmid = {3020214},
 publisher = {ACM},
 address = {New York, NY, USA},
 keywords = {communicative grounding, incrementality, uncertainty},
} 

@inproceedings{HoughEtAl17GLU,
  author       = {Hough, Julian and ZarrieÃŸ, Sina and Schlangen, David},
  location     = {Stockholm, Sweden},
  booktitle    = {{Grounding Language Understanding (GLU2017)}},
  title        = {{Grounding Imperatives to Actions is Not Enough: A Challenge for Grounded NLU for Robots from Human-Human Data}},
  year         = {2017},
}



@article{HowesEtAl13BBS,
author = {Howes,Christine and Healey,Patrick G. T. and Eshghi,Arash and Hough,Julian},
title = {“Well, that's one way”: Interactivity in parsing and production},
journal = {Behavioral and Brain Sciences},
volume = {36},
issue = {04},
month = {8},
year = {2013},
issn = {1469-1825},
pages = {359--359},
numpages = {1},
doi = {10.1017/S0140525X12002592},
URL = {http://journals.cambridge.org/article_S0140525X12002592},
}

@InProceedings{DeKokEtAl16ICMIWorkshop,
  author       = {de Kok, Iwan and Hough, Julian and Schlangen, David and Kopp, Stefan},
  booktitle    = {Proceedings of the Workshop on Multimodal Analyses enabling Artificial Agents in Human-Machine Interaction  - MA3HMI '16},
  publisher    = {Association for Computing Machinery (ACM)},
  title        = {{Deictic Gestures in Coaching Interactions}},
  address      = {Tokyo, Japan},
  doi          = {10.1145/3011263.3011267},
  year         = {2016}
}



@InProceedings{Hough-EtAl:2016:LREC2016,
  author       = {Hough, Julian and Tian, Ye and de Ruiter, Laura and Betz, Simon and Schlangen, David and Ginzburg, Jonathan},
  booktitle    = {10th edition of the Language Resources and Evaluation Conference},
  location     = {Portoro\v{z} (Slovenia)},
  title        = {{DUEL: A Multi-lingual Multimodal Dialogue Corpus for Disfluency, Exclamations and Laughter}},
  year         = {2016},
}


@inproceedings{GinzburgEtAl14SemdialDUEL,
  title={The Disfluency, Exclamation and Laughter in Dialogue (DUEL) Project},
  author={Ginzburg, Jonathan and Tian, Ye and Amsili, Pascal and Beyssade, Claire and Hemforth, Barbera and Mathieu, Yannick and Saillard, Claire and Hough, Julian and Kousidis, Spyros and Schlangen, David},
  booktitle={Proceedings of the 18th SemDial Workshop on the Semantics and Pragmatics of Dialogue (DialWatt)},
  address={Herriot Watt University, Edinburgh},
  pages={176--178},
  year={2014}
}


@InProceedings{DeKokEtAl2015SemDial,
  author       = {de Kok, Iwan and Hough, Julian and H{\"u}lsmann, Felix and Waltemate, Thomas and Botsch, Mario and Schlangen, David and Kopp, Stefan},
  language     = {English},
  location     = {Gothenburg},
  pages        = {168--169},
  title        = {Demonstrating the Dialogue System of the Intelligent Coaching Space},
  year         = {2015},
  issn 	= {2308-2275},
  annote = {ISSN 2308-2275},
}


@inproceedings{ZarriessEtAl16LREC,
  author       = {Zarrie{\ss}, Sina and Hough, Julian and Kennington, Casey and Manuvinakurike, Ramesh and DeVault, David and Fern{\'a}ndez, Raquel and Schlangen, David},
  booktitle    = {10th edition of the Language Resources and Evaluation Conference},
  address     = {Portoro\v{z} (Slovenia)},
  title        = {{PentoRef: A Corpus of Spoken References in Task-oriented Dialogues}},
  year         = {2016},
}


@InProceedings{hough-schlangen:2017:EACLlong,
  author    = {Hough, Julian  and  Schlangen, David},
  title     = {Joint, Incremental Disfluency Detection and Utterance Segmentation from Speech},
  booktitle = {Proceedings of the 15th Conference of the European Chapter of the Association for Computational Linguistics: Volume 1, Long Papers},
  month     = {April},
  year      = {2017},
  address   = {Valencia, Spain},
  publisher = {Association for Computational Linguistics},
  pages     = {326--336},
  abstract  = {We present the joint task of incremental disfluency detection and utterance
	segmentation and a simple deep learning system which performs it on transcripts
	and ASR results. We show how the constraints of the two tasks interact. Our
	joint-task system outperforms the equivalent individual task systems, provides
	competitive results and is suitable for future use in conversation agents in
	the psychiatric domain.},
}



@InProceedings{eshghi-purver-hough:2013:IWCS2013,
  author    = {Eshghi, Arash  and  Purver, Matthew  and  Hough, Julian},
  title     = {Probabilistic induction for an incremental semantic grammar},
  booktitle = {Proceedings of the 10th International Conference on Computational Semantics (IWCS 2013) -- Long Papers},
  month     = {March},
  year      = {2013},
  address   = {Potsdam, Germany},
  publisher = {Association for Computational Linguistics},
  pages     = {107--118},
}


@InProceedings{DeKokEtAl14SemDial,
  author    = {de Kok, Iwan and Hough, Julian and Frank, Cornelia and Schlangen, David and Kopp, Stefan},
  title     = {Dialogue Structure of Coaching Sessions},
  booktitle = {Proceedings of the 18th {SemDial} Workshop on the Semantics and Pragmatics of Dialogue ({DialWatt})},
  month     = {September},
  year      = {2014},
  address   = {Edinburgh},
  pages     = {167--169},
  annote    = {ISSN 2308-2275},
  issn      = {2308-2275},
}


@inproceedings{HowesEtAl17,
author = "Christine Howes and Mary Lavelle and Patrick G. T. Healey and Julian Hough and Rose McCabe",
booktitle = "Communication and Cognition - Miscommunication: Getting lost in language(s)",
title = "{S}elf-repair in dialogue with patients with schizophrenia",
year = "2017"
}



@InProceedings{Hough.Schlangen16Semdial,
  author       = {Hough, Julian and Schlangen, David},
  booktitle    = {Proceedings of JerSem: The 20th Workshop on the Semantics and Pragmatics of Dialogue},
  editor       = {Hunter, Julie and Simons, Mandy and Stone, Matthew},
  location     = {New Brunswick, NJ},
  pages        = {114--115},
  title        = {{PentoRob: A Puzzle-Playing Robot for Dialogue Experiments}},
  year         = {2016},
}

@InProceedings{HoughPurver14EMNLP,
  author    = {Hough, Julian  and  Purver, Matthew},
  title     = {Strongly Incremental Repair Detection},
  booktitle = {Proceedings of the 2014 Conference on Empirical Methods in Natural Language Processing (EMNLP)},
  month     = {October},
  year      = {2014},
  address   = {Doha, Qatar},
  publisher = {Association for Computational Linguistics},
  pages     = {78--89},
}



@InProceedings{Hough.Purver14TTNLS,
  author= {Hough, Julian  and  Purver, Matthew},
  title= {Probabilistic Type Theory for Incremental Dialogue Processing},
  booktitle= {Proceedings of the EACL 2014 Workshop on Type Theory and Natural Language Semantics (TTNLS)},
  month= {April},
  year= {2014},
  address= {Gothenburg, Sweden},
  publisher= {Association for Computational Linguistics},
  pages= {80--88},
}

@InProceedings{HoughSchlangen15InterSpeech,
  author       = {Hough, Julian and Schlangen, David},
  language     = {English},
  location     = {Dresden},
  pages        = {849--853},
  series       = {Interspeech 2015},
  title        = {Recurrent Neural Networks for Incremental Disfluency Detection},
  year         = {2015},
}



@InCollection{PurverEtAl14NLGIS,
  author = "Purver, Matthew and Hough, Julian and Gregoromichelaki, Eleni",
  title = "Dialogue and Compound Contributions",
  booktitle = "Natural Language Generation in Interactive Systems",
  pages = "63--92",
  editor = "Stent, A. and Bangalore, S.",
  publisher = "Cambridge University Press",
  year = "2014",
  month = jun,
  annote = "ISBN 978-11-07010024",
  isbn = "978-11-07010024",
}

@InCollection{PurverEtAl11IWCS,
  author = "Purver, Matthew and Eshghi, Arash and Hough, Julian",
  title = "Incremental Semantic Construction in a Dialogue System",
  booktitle = "Proceedings of the 9th International Conference on Computational Semantics {(IWCS)}",
  editor = "Bos, J. and Pulman, S."
  year = 2011,
  month = jan,
  pages = "365--369",
  address = "Oxford, UK",
}


@InProceedings{hough-EtAl:2015:IWCS2015,
  author    = {Hough, Julian  and  Kennington, Casey  and  Schlangen, David  and  Ginzburg, Jonathan},
  title     = {Incremental Semantics for Dialogue Processing: Requirements, and a Comparison of Two Approaches},
  booktitle = {Proceedings of the 11th International Conference on Computational Semantics},
  month     = {April},
  year      = {2015},
  address   = {London, UK},
  publisher = {Association for Computational Linguistics},
  pages     = {206--216},
}



@inproceedings{HoughEtAl15DISS,
  author       = {Hough, Julian and de Ruiter, Laura and Betz, Simon and Schlangen, David},
  language     = {English},
  location     = {Edinburgh, UK},
  title        = {Disfluency and Laughter Annotation in a Light-weight Dialogue Mark-up Protocol},
  year         = {2015},
 booktitle={The 6th Workshop on Disfluency in Spontaneous Speech (DiSS)},
}


@inproceedings{HoughSchlangen17HRIWorkshop,
  title={A Model of Continuous Intention Grounding for HRI},
  author={Hough, Julian and Schlangen, David},
  year={2017},
  note={{Presented at the â€œThe Role of Intentions in Human-Robot Interaction" workshop in conjunction with the 12th ACM / IEEE International Conference on Human-Robot Interaction (HRI 2017), Vienna.}}
}


@ARTICLE{HealeyEtAl16BBS,
  author = {Healey, Patrick G.T. and Howes, Christine and Hough, Julian and Purver, Matthew},
  title = {Better late than Now-or-Never: The case of interactive repair phenomena},
  journal = {Behavioural and Brain Sciences },
  volume = 39,
  year = 2016,
  pages = "e76",
  month = jun,
  publisher = {Cambridge University Press},
  issn = "1469-1825",
  doi = {10.1017/S0140525X15000813},
  annote = "ISSN 1469-1825",
}


@inproceedings{DeKokEtAl15ICMI,
  author       = {de Kok, Iwan and Hough, Julian and H{\"u}lsmann, Felix and Botsch, Mario and Schlangen, David and Kopp, Stefan},
  language     = {English},
  location     = {Washington},
  series       = {Proceedings of ACM ICMI 17th ACM International Conference on Multimodal Interaction},
  title        = {A Multimodal System for Real-Time Action Instruction in Motor Skill Learning},
  year         = {2015},
  pages = {355--362},
}

@InProceedings{hough-schlangen:2016:SIGDIAL,
  author    = {Hough, Julian  and  Schlangen, David},
  title     = {Investigating Fluidity for Human-Robot Interaction with Real-time, Real-world Grounding Strategies},
  booktitle = {Proceedings of the 17th Annual Meeting of the Special Interest Group on Discourse and Dialogue},
  month     = {September},
  year      = {2016},
  address   = {Los Angeles},
  publisher = {Association for Computational Linguistics},
  pages     = {288--298},
}



@inproceedings{Howes2016Rapid,
  title={Helping hands? Gesture and self-repair in schizophrenia},
  author={Howes, Christine and Lavelle, Mary and Healey, Pat and Hough, Julian and McCab, Rose},
  booktitle={Proceedings of LREC 2016 Workshop. Resources and Processing of Linguistic and Extra-Linguistic Data from People with Various Forms of Cognitive/Psychiatric Impairments (RaPID-2016), Monday 23rd of May 2016},
  number={128},
  year={2016},
  organization={Link{\"o}ping University Electronic Press}
}


@InProceedings{KousidisEtAl15Laughter,
 author       = {Kousidis, Spyridon and Hough, Julian and Schlangen, David},
  language     = {English},
  location     = {Enschede, Netherlands},
  pages        = {23--25},
  title        = {Exploring the Body and Head Kinematics of Laughter, Filled Pauses and Breaths},
  booktitle = {Proceedings of The 4th Interdisciplinary Workshop on Laughter and Other Non-verbal Vocalisations in Speech},
  year         = {2015},
}



@inproceedings{HoughEtAl15SemDial,
  author       = {Hough, Julian and de Kok, Iwan and Schlangen, David and Kopp, Stefan},
  issn         = {2308-2275},
  language     = {English},
  location     = {Gothenburg, Sweden},
  pages        = {86--94},
  series       = {Proceedings of the 19th SemDial Workshop on the Semantics and Pragmatics of Dialogue (goDIAL)},
  title        = {Timing and Grounding in Motor Skill Coaching Interaction: Consequences for the Information State},
  year         = {2015},
}


@INPROCEEDINGS{EshghiEtAl12CSLP,
  author = {Eshghi, Arash and Purver, Matthew and Hough, Julian and Sato, Yo},
  title = {Inducing lexical entries for an incremental semantic grammar},
  booktitle = "Proceedings of the 7th International Workshop on Constraint Solving and Language Processing {(CSLP'12)}",
  editor = "Duchier, D. and Parmentier, Y.",
  address = {Orl{\'e}ans, France},
  year = {2012},
  month = sep,
  pages = "39--50",
}


@PhDThesis{Hough15Thesis,
  author = "Hough, Julian",
  school = "Queen Mary University of London",
  title = "Modelling Incremental Self-Repair Processing in Dialogue",
  year = "2015"
}

@InProceedings{HowesEtAl14SemDial,
  author    = {Howes, Christine and Hough, Julian  and  Purver, Matthew and McCabe, Rose},
  title     = {Helping, I Mean Assessing Psychiatric Communication: An Application of Incremental Self-Repair Detection},
  booktitle = {Proceedings of the 18th {SemDial} Workshop on the Semantics and Pragmatics of Dialogue ({DialWatt})},
  month     = {September},
  year      = {2014},
  address   = {Edinburgh},
  pages     = {80--89},
  annote    = {ISSN 2308-2275},
  issn      = {2308-2275},
}


@InProceedings{HoughPurver14RefNet,
  author    = {Hough, Julian  and  Purver, Matthew},
  title     = {Lattice Theoretic Relevance in Incremental Reference Processing},
  booktitle = {Proceedings of the {RefNet} Workshop on Psychological and Computational Models of Reference Comprehension and Production},
  month     = {aug},
  year      = {2014},
  address   = {Edinburgh},
}


@InProceedings{EshghiEtAl13CMCL,
  author    = {Eshghi, Arash  and  Hough, Julian  and  Purver, Matthew},
  title     = {Incremental Grammar Induction from Child-Directed Dialogue Utterances},
  booktitle = {Proceedings of the Fourth Annual Workshop on Cognitive Modeling and Computational Linguistics (CMCL)},
  month     = {August},
  year      = {2013},
  address   = {Sofia, Bulgaria},
  publisher = {Association for Computational Linguistics},
  pages     = {94--103},
}



@InProceedings{eshghi-EtAl:2015:IWCS2015,
  author    = {Eshghi, Arash  and  Howes, Christine  and  Gregoromichelaki, Eleni  and  Hough, Julian  and  Purver, Matthew},
  title     = {Feedback in Conversation as Incremental Semantic Update},
  booktitle = {Proceedings of the 11th International Conference on Computational Semantics},
  month     = {April},
  year      = {2015},
  address   = {London, UK},
  publisher = {Association for Computational Linguistics},
  pages     = {261--271},
}



@inproceedings{BaumannEtAl:IWSDS16,
    author = {Timo Baumann and Casey Kennington and Julian Hough and David
Schlangen},
    title = {Recognising Conversational Speech: What an Incremental ASR
Should Do for a Dialogue System and How to Get There},
    booktitle = {International Workshop on Dialogue Systems Technology (IWSDS) 2016},
    year = {2016},
    publisher = {Universit{\"a}t Hamburg},
    language = {eng},
}


@inproceedings{GinzburgEtAl15AC,
  author       = {Ginzburg, Jonathan and Breithholtz, Ellen and Cooper, Robin and Hough, Julian and Tian, Ye},
  booktitle    = {Proceedings of the 20th Amsterdam Colloquium},
  title        = {{Understanding Laughter}},
  year         = {2015},
  address = {Amsterdam},
  pages = {137--146}
}

@TECHREPORT{EshghiEtAl11DyLan,
  author = {Eshghi, Arash and Purver, Matthew and Hough, Julian},
  title = {{DyLan}: Parser for {D}ynamic {S}yntax},
  institution = {School of Electronic Engineering and Computer Science},
  address = {Queen Mary University of London},
  year = {2011},
  number = {EECSRR-11-05},
  month = oct,
  issn = "2043-0167",
}


@inproceedings{GinzburgEtAl16SuB,
  author       = {Ginzburg, Jonathan and Hough, Julian and Cooper, Robin and Schlangen, David},
  booktitle    = {Proceedings of Sinn und Bedeutung 21},
  location     = {Edinburgh},
  title        = {{Incrementality and Clarification / Sluicing Potential}},
  year         = {2016},
}


@InProceedings{HoughPurver13SemDial,
  author    = "Hough, Julian  and  Purver, Matthew",
  title     = "Modelling Expectation in the Self-Repair Processing of Annotat-, um, Listeners",
  booktitle = "Proceedings of the 17th {SemDial} Workshop on the Semantics and Pragmatics of Dialogue ({DialDam})",
  month     = dec,
  year      = 2013,
  address   = "Amsterdam",
  pages     = "92--101"
}

@article{PurverEtAl18Topics,
author = "Matthew Purver and Julian Hough and Christine Howes",
journal = "TopiCS",
title = "{C}omputational models of miscommunication phenomena",
volume = "submitted, under review",
year = "2017"
}



@InCollection{HoughPurver17TypeTheoryBookChapter,
  author    = {Hough, Julian  and  Purver, Matthew},
  title     = {{Probabilistic Record Type Lattices for Incremental Reference Processing}},
  booktitle = {Modern Perspectives in Type-Theoretical Semantics},
  month     = {Feb},
  year      = {2017},
  pages     = {189--222},
  editor    = {Chatzikyriakidis, Stergios  and  Luo, Zhaohui},
  publisher = "Springer International Publishing",
  series    = "Studies in Linguistics and Philosophy",
  volume    = {98},
  isbn 	    = "978-3-319-50420-9 / 978-3-319-50422-3",
  annote    = "ISBN 978-3-319-50420-9 / 978-3-319-50422-3",
  issn      = "0924-4662",
  doi       = "10.1007/978-3-319-50422-3_8",
}


@inproceedings{HowesEtAl17CogSci,
author = "Christine Howes and Mary Lavelle and Patrick G. T. Healey and Julian Hough and Rose McCabe",
address = "London, UK",
booktitle = "Proceedings of the 39th Annual Meeting of the Cognitive Science Society",
title = "{D}isfluencies in dialogues with patients with schizophrenia",
year = "2017"
}



