@inproceedings{baptista2024improving,
  title={Improving Fluidity Through Action: A Proposal for a Virtual Reality Platform for Improving Real-World HRI},
  author={Baptista De Lima, Carlos Valter and Hough, Julian and F{\"o}rster, Frank and Holthaus, Patrick and Zheng, Yongjun},
  booktitle={Proceedings of the 12th International Conference on Human-Agent Interaction},
  pages={358--360},
  year={2024}
}
