@inproceedings{BaumannEtAl:IWSDS16,
    author = {Timo Baumann and Casey Kennington and Julian Hough and David
Schlangen},
    title = {Recognising Conversational Speech: What an Incremental ASR
Should Do for a Dialogue System and How to Get There},
    booktitle = {International Workshop on Dialogue Systems Technology (IWSDS) 2016},
    year = {2016},
    publisher = {Universit{\"a}t Hamburg},
    language = {eng},
}
