@incollection{BaumannEtAl17SocialRobots,
  title={Recognising conversational speech: What an incremental asr should do for a dialogue system and how to get there},
  author={Baumann, Timo and Kennington, Casey and Hough, Julian and Schlangen, David},
  booktitle={Dialogues with Social Robots},
  pages={421--432},
  year={2017},
  publisher={Springer Singapore}
}
