@inproceedings{de2017intelligent,
  title={The Intelligent Coaching Space: A Demonstration},
  author={de Kok, Iwan and H{\"u}lsmann, Felix and Waltemate, Thomas and Frank, Cornelia and Hough, Julian and Pfeiffer, Thies and Schlangen, David and Schack, Thomas and Botsch, Mario and Kopp, Stefan},
  booktitle={International Conference on Intelligent Virtual Agents},
  pages={105--108},
  year={2017},
  organization={Springer}
}
