@InProceedings{DeKokEtAl2015SemDial,
  author       = {de Kok, Iwan and Hough, Julian and H{\"u}lsmann, Felix and Waltemate, Thomas and Botsch, Mario and Schlangen, David and Kopp, Stefan},
  language     = {English},
  location     = {Gothenburg},
  pages        = {168--169},
  title        = {Demonstrating the Dialogue System of the Intelligent Coaching Space},
  year         = {2015},
  issn 	= {2308-2275},
  annote = {ISSN 2308-2275},
  url = {http://flov.gu.se/digitalAssets/1537/1537281_semdial2015_godial_proceedings.pdf}
}
