@InProceedings{DeKokEtAl14SemDial,
  author    = {de Kok, Iwan and Hough, Julian and Frank, Cornelia and Schlangen, David and Kopp, Stefan},
  title     = {Dialogue Structure of Coaching Sessions},
  booktitle = {Proceedings of the 18th {SemDial} Workshop on the Semantics and Pragmatics of Dialogue ({DialWatt})},
  month     = {September},
  year      = {2014},
  address   = {Edinburgh},
  pages     = {167--169},
  annote    = {ISSN 2308-2275},
  issn      = {2308-2275},
  url       = {http://www.macs.hw.ac.uk/InteractionLab/Semdial/semdial14.pdf}
}
