@inproceedings{DeKokEtAl15ICMI,
  author       = {de Kok, Iwan and Hough, Julian and H{\"u}lsmann, Felix and Botsch, Mario and Schlangen, David and Kopp, Stefan},
  language     = {English},
  location     = {Washington},
  series       = {Proceedings of ACM ICMI 17th ACM International Conference on Multimodal Interaction},
  title        = {A Multimodal System for Real-Time Action Instruction in Motor Skill Learning},
  year         = {2015},
  pages = {355--362},
}