@InProceedings{DeKokEtAl16ICMIWorkshop,
  author       = {de Kok, Iwan and Hough, Julian and Schlangen, David and Kopp, Stefan},
  booktitle    = {Proceedings of the Workshop on Multimodal Analyses enabling Artificial Agents in Human-Machine Interaction  - MA3HMI '16},
  publisher    = {Association for Computing Machinery (ACM)},
  title        = {{Deictic Gestures in Coaching Interactions}},
  address      = {Tokyo, Japan},
  doi          = {10.1145/3011263.3011267},
  year         = {2016}
}

