@inproceedings{DelBosqueEtAl19CHI,
    title = "Long- and Short-term Common Ground for Tailored Explanations in Voice User Interfaces",
    author = "Del-Bosque-Trevino, Jorge  and  Hough, Julian  and  Purver, Matthew",
    booktitle = "Proceedings of the CHI Workshop on Understanding Speech Interface Interactions",
    month = may,
    year = 2019,
    address = "Glasgow, UK",
}