@InProceedings{EshghiEtAl13CMCL,
  author    = {Eshghi, Arash  and  Hough, Julian  and  Purver, Matthew},
  title     = {Incremental Grammar Induction from Child-Directed Dialogue Utterances},
  booktitle = {Proceedings of the Fourth Annual Workshop on Cognitive Modeling and Computational Linguistics (CMCL)},
  month     = {August},
  year      = {2013},
  address   = {Sofia, Bulgaria},
  publisher = {Association for Computational Linguistics},
  pages     = {94--103},
  url       = {http://www.aclweb.org/anthology/W13-2611}
}

