@InProceedings{eshghi-purver-hough:2013:IWCS2013,
  author    = {Eshghi, Arash  and  Purver, Matthew  and  Hough, Julian},
  title     = {Probabilistic induction for an incremental semantic grammar},
  booktitle = {Proceedings of the 10th International Conference on Computational Semantics (IWCS 2013) -- Long Papers},
  month     = {March},
  year      = {2013},
  address   = {Potsdam, Germany},
  publisher = {Association for Computational Linguistics},
  pages     = {107--118},
  url       = {http://www.aclweb.org/anthology/W13-0110}
}
