@INPROCEEDINGS{EshghiEtAl12CSLP,
  author = {Eshghi, Arash and Purver, Matthew and Hough, Julian and Sato, Yo},
  title = {Inducing lexical entries for an incremental semantic grammar},
  booktitle = "Proceedings of the 7th International Workshop on Constraint Solving and Language Processing {(CSLP'12)}",
  editor = "Duchier, D. and Parmentier, Y.",
  address = {Orl{\'e}ans, France},
  year = {2012},
  month = sep,
  pages = "39--50",
  url = {http://www.univ-orleans.fr/lifo/evenements/CSLP2012/proceedings_CSLP12.pdf}
}
