@TECHREPORT{EshghiEtAl11DyLan,
  author = {Eshghi, Arash and Purver, Matthew and Hough, Julian},
  title = {{DyLan}: Parser for {D}ynamic {S}yntax},
  institution = {School of Electronic Engineering and Computer Science},
  address = {Queen Mary University of London},
  year = {2011},
  number = {EECSRR-11-05},
  month = oct,
  issn = "2043-0167",
  url =  {http://qmro.qmul.ac.uk/jspui/handle/123456789/5012}
}
