@InCollection{EshghiEtAl12Cooper,
  author = "Eshghi, Arash and Hough, Julian and Purver, Matthew and Kempson, Ruth and Gregoromichelaki, Eleni",
  title = "Conversational Interactions: Capturing Dialogue Dynamics",
  year = 2012,
  booktitle = "From Quantification to Conversation: Festschrift for Robin Cooper on the occasion of his 65th birthday",
  editor = "Larsson, S. and Borin, L.",
  publisher = "College Publications",
  address = "London",
  series = "Tributes",
  volume = 19,
  pages = "325--349",
  annote = "ISBN 978-1-904987-91-2",
  isbn = "978-1-904987-91-2",
  url = "http://www.eecs.qmul.ac.uk/~mpurver/papers/eshghi-et-al12cooper.pdf",
}
