@article{forster2023working,
  title={Working with roubles and failures in conversation between humans and robots: workshop report},
  author={F{\"o}rster, Frank and Romeo, Marta and Holthaus, Patrick and Wood, Luke J and Dondrup, Christian and Fischer, Joel E and Liza, Farhana Ferdousi and Kaszuba, Sara and Hough, Julian and Nesset, Birthe and others},
  journal={Frontiers in Robotics and AI},
  volume={10},
  pages={1202306},
  year={2023},
  publisher={Frontiers Media SA}
}
