@inproceedings{GinzburgEtAl16SuB,
  author       = {Ginzburg, Jonathan and Hough, Julian and Cooper, Robin and Schlangen, David},
  booktitle    = {Proceedings of Sinn und Bedeutung 21},
  location     = {Edinburgh},
  title        = {{Incrementality and Clarification / Sluicing Potential}},
  year         = {2016},
}
