@inproceedings{GinzburgEtAl15AC,
  author       = {Ginzburg, Jonathan and Breithholtz, Ellen and Cooper, Robin and Hough, Julian and Tian, Ye},
  booktitle    = {Proceedings of the 20th Amsterdam Colloquium},
  title        = {{Understanding Laughter}},
  year         = {2015},
  address = {Amsterdam},
  pages = {137--146}
}