@article{ginzburg2018incrementality,
  title={Incrementality and clarification/sluicing potential},
  author={Ginzburg, Jonathan and Cooper, Robin and Hough, Julian and Schlangen, David},
  journal={Proceedings of Sinn und Bedeutung 21. Volume 1},
  year={2018}
}
