@inproceedings{GinzburgEtAl14SemdialDUEL,
  title={The Disfluency, Exclamation and Laughter in Dialogue (DUEL) Project},
  author={Ginzburg, Jonathan and Tian, Ye and Amsili, Pascal and Beyssade, Claire and Hemforth, Barbera and Mathieu, Yannick and Saillard, Claire and Hough, Julian and Kousidis, Spyros and Schlangen, David},
  booktitle={Proceedings of the 18th SemDial Workshop on the Semantics and Pragmatics of Dialogue (DialWatt)},
  address={Herriot Watt University, Edinburgh},
  pages={176--178},
  year={2014}
}
