@incollection{GinzburgEtAl2020Godard,
  title={{Incrementality and HPSG: Why not?}},
  author={Ginzburg, Jonathan and Cooper, Robin and Hough, Julian and Schlangen, David},
  booktitle={{Constraint-Based Syntax and Semantics: Papers in Honor of Dani{\`e}le Godard}},
  editor={Anne Abeill{\'e} and Olivier Bonami},
  isbn={9781684000463},
  series={CSLI lecture notes},
  year={2020}
}
