@proceedings{semdial-2022,
    title = "Proceedings of the 26th Workshop on the Semantics and Pragmatics of Dialogue",
    author = "Gregoromichelaki, Eleni  and Hough, Julian and Kelleher, John D.",
    month = aug,
    year = "2022",
    address = "Dublin, Ireland",
    publisher = "SEMDIAL",
    url = "http://semdial.org/anthology/semdial2022_dubdial_front_matter.pdf",
}