@incollection{GrimmEtAl21,
  author      = {Grimm, Frank and Schlangen, David and Hough, Julian and Cimiano, Philipp},
  title       = {Reproducing an experiment in automatic disfluency detection},
  editor      = {Philipp Cimiano and Christian Pietsch and Cord Wiljes},
  booktitle   = {Studies in Analytical Reproducibility: the Conquaire Project},
  publisher   = {Bielefeld University},
  address     = {Bielefeld},
  year        = {2021},
  pages       = {97-112},
  chapter     = {8}
}