@InProceedings{GurionEtAl18SemDial,
 title={Real-time testing of non-verbal interaction: An experimental method and platform},
  author={Gurion, Tom and Healey, Patrick G. T. and Hough, Julian},
  booktitle = "Proceedings of the 22nd {SemDial} Workshop on the Semantics and Pragmatics of Dialogue ({AixDial})",
  month     = nov,
  year      = 2018,
  address   = "Aix-en-Provence",
  pages = "200-203",
  issn = "2308-2275"
 
}
