@InProceedings{HanEtAl17IJCNLP,
  author    = {Han, Ting and Hough, Julian  and Schlangen, David},
  title     = {{Natural Language Informs the Interpretation of Iconic Gestures: A Computational Approach}},
  booktitle = {{Proceedings of the The 8th International Joint Conference on Natural Language Processing}},
  month     = {November},
  year      = {2017},
  address   = {Taipei, Taiwan},
  publisher = {{AFNLP}},
  pages     = {134--139}
}

