@article{HealeyEtAl2023BBS,
 title={``Who's there?'': Depicting identity in interaction},
 author={Healey, Patrick G. T. and Howes, Christine and Kempson, Ruth and Mills, Gregory J. and Purver, Matthew and Gregoromichelaki, Eleni and Eshghi, Arash and Hough, Julian},
 volume={46},
 doi={10.1017/S0140525X22001492},
 url="https://doi.org/10.1017/S0140525X22001492",
 journal={Behavioral and Brain Sciences},
 publisher={Cambridge University Press},
 year={2023},
 pages={e37},
}
