@ARTICLE{HealeyEtAl16BBS,
  author = {Healey, Patrick G.T. and Howes, Christine and Hough, Julian and Purver, Matthew},
  title = {Better late than Now-or-Never: The case of interactive repair phenomena},
  journal = {Behavioural and Brain Sciences },
  volume = 39,
  year = 2016,
  pages = "e76",
  month = jun,
  publisher = {Cambridge University Press},
  issn = "1469-1825",
  doi = {10.1017/S0140525X15000813},
  annote = "ISSN 1469-1825",
  url = {http://dx.doi.org/10.1017/S0140525X15000813}
}
