@inproceedings{hough2024hai,
  title={HAI 2024 Workshop Proposal: Fluidity in Human-Agent Interaction},
  author={Hough, Julian and Baptista De Lima, Carlos Valter and F{\"o}rster, Frank and Holthaus, Patrick and Zheng, Yongjun},
  booktitle={Proceedings of the 12th International Conference on Human-Agent Interaction},
  pages={470--471},
  year={2024}
}
