@InProceedings{HoughSchlangen15InterSpeech,
  author       = {Hough, Julian and Schlangen, David},
  language     = {English},
  location     = {Dresden},
  pages        = {849--853},
  series       = {Interspeech 2015},
  title        = {Recurrent Neural Networks for Incremental Disfluency Detection},
  year         = {2015},
}

