@inproceedings{HoughEtAl15SemDial,
  author       = {Hough, Julian and de Kok, Iwan and Schlangen, David and Kopp, Stefan},
  issn         = {2308-2275},
  language     = {English},
  location     = {Gothenburg, Sweden},
  pages        = {86--94},
  series       = {Proceedings of the 19th SemDial Workshop on the Semantics and Pragmatics of Dialogue (goDIAL)},
  title        = {Timing and Grounding in Motor Skill Coaching Interaction: Consequences for the Information State},
  url          = {http://flov.gu.se/digitalAssets/1537/1537281\_semdial2015\_godial\_proceedings.pdf},
  year         = {2015},
}
