@conference{Hough16KTH,
author = "Julian Hough",
address = "Stockholm, Sweden",
title = {{Incrementality, Grounding and Fluidity for Human-Robot Interaction}},
note = {{Invited Talk at the KTH Royal Institute of Technology}},
year = "2016",
month = "December"
}
