@InProceedings{Hough.Schlangen16Semdial,
  author       = {Hough, Julian and Schlangen, David},
  booktitle    = {Proceedings of JerSem: The 20th Workshop on the Semantics and Pragmatics of Dialogue},
  editor       = {Hunter, Julie and Simons, Mandy and Stone, Matthew},
  location     = {New Brunswick, NJ},
  pages        = {114--115},
  title        = {{PentoRob: A Puzzle-Playing Robot for Dialogue Experiments}},
  year         = {2016},
}