@INPROCEEDINGS{Hough11RANLP,
  author = {Julian Hough},
  title = {Incremental Semantics Driven Natural Language Generation with Self-Repairing Capability},
  booktitle = {Proceedings of the Student Research Workshop associated with RANLP 2011},
  year = {2011},
  address = {Hissar, Bulgaria},
  pages = {79--84},
  date = {September 2011}
}