@inproceedings{HoughSchlangen17HRIWorkshop,
  title={A Model of Continuous Intention Grounding for HRI},
  author={Hough, Julian and Schlangen, David},
  year={2017},
  note={{Presented at the â€œThe Role of Intentions in Human-Robot Interaction" workshop in conjunction with the 12th ACM / IEEE International Conference on Human-Robot Interaction (HRI 2017), Vienna.}}
}
