@inproceedings{HoughEtAl15DISS,
  author       = {Hough, Julian and de Ruiter, Laura and Betz, Simon and Schlangen, David},
  language     = {English},
  location     = {Edinburgh, UK},
  title        = {Disfluency and Laughter Annotation in a Light-weight Dialogue Mark-up Protocol},
  year         = {2015},
 booktitle={The 6th Workshop on Disfluency in Spontaneous Speech (DiSS)},
}
