@article{HoughEtAl20CLASP,
  title={A Types-As-Classifiers Approach to Human-Robot Interaction for Continuous Structured State Classification},
  author={Hough, Julian and Jamone, Lorenzo and Schlangen, David and Walck, Guillaume and Haschke, Robert},
  journal={CLASP Papers in Computational Linguistics},
  editor={Howes, Chistine and Dobnik, Simon and Breitholtz, Ellen},
  volume={2},
  month={February},
  year={2020},
  publisher={Centre for Linguistic Theory and Studies in Probability (CLASP), Department of Philosophy, Linguistics and Theory of Science (FLOV), University of Gothenburg},
  issn={2002-9764},
  pages={28--40}
}
