@InProceedings{HoughPurver12SemDial,
  author    = "Hough, Julian  and  Purver, Matthew",
  title     = "Processing Self-Repairs in an Incremental Type-Theoretic Dialogue System",
  booktitle = "Proceedings of the 16th {SemDial} Workshop on the Semantics and Pragmatics of Dialogue ({SeineDial})",
  month     = sep,
  year      = 2012,
  address   = "Paris, France",
  pages     = "136--144"
}