@InProceedings{HoughPurver14RefNet,
  author    = {Hough, Julian  and  Purver, Matthew},
  title     = {Lattice Theoretic Relevance in Incremental Reference Processing},
  booktitle = {Proceedings of the {RefNet} Workshop on Psychological and Computational Models of Reference Comprehension and Production},
  month     = {aug},
  year      = {2014},
  address   = {Edinburgh},
  url       = {http://www.macs.hw.ac.uk/InteractionLab/refnet/abstracts/refnet2014_submission_48.pdf},
}
