@conference{HoughEtAl12TTR,
author = "Julian Hough and DynDial Colleagues",
address = "Gothenburg, Sweden",
title = {{DS-TTR and Incremental Dialogue Processing}},
note = {{1st International Workshop on Type Theory with Records, University of Gothenburg}},
month = "December",
year = "2012"
}
