@inproceedings{HoughEtAl18DAP,
   title={Towards a Types-As-Classifiers Approach to Dialogue Processing in Human-Robot Interaction},
   author={Hough, Julian and Jamone, Lorenzo and Schlangen, David and Walck, Guillaume and Haschke, Robert},
   year={2018},
   booktitle = {{Proceedings of the Workshop on Dialogue and Perception (DaP 2018)}}
   editor={Howes, Christine, Dobnik, Simon and Breitholtz, Ellen},
   address = {Gothenburg, Sweden},
   month = {June},
   pages = {27-31}
}
