@InProceedings{HoughEtAl18DS,
  author    = {Hough, Julian and Eshghi, Arash and Purver, Matthew and White, Graham},
  title     = {Proposals to Generalise {D}ynamic {S}yntax for Wider Application},
  booktitle = {Proceedings of the 2nd Dynamic Syntax Conference},
  year      = {2018},
  address   = {Edinburgh, UK}
}
