@InProceedings{HoughPurver13SemDial,
  author    = "Hough, Julian  and  Purver, Matthew",
  title     = "Modelling Expectation in the Self-Repair Processing of Annotat-, um, Listeners",
  booktitle = "Proceedings of the 17th {SemDial} Workshop on the Semantics and Pragmatics of Dialogue ({DialDam})",
  month     = dec,
  year      = 2013,
  address   = "Amsterdam",
  pages     = "92--101"
}