@conference{HoughEtAl11KCL,
author = "Julian Hough and Matthew Purver and Arash Eshghi",
address = "London, UK",
title = {{Dynamic Representations in a Dialogue System}},
note = {{Workshop on Incrementality in Linguistic and Musical Interaction, King's College London}},
month = "March",
year = "2011"
}

