@InProceedings{hough-schlangen:2017:EACLlong,
  author    = {Hough, Julian  and  Schlangen, David},
  title     = {Joint, Incremental Disfluency Detection and Utterance Segmentation from Speech},
  booktitle = {Proceedings of the 15th Conference of the European Chapter of the Association for Computational Linguistics: Volume 1, Long Papers},
  month     = {April},
  year      = {2017},
  address   = {Valencia, Spain},
  publisher = {Association for Computational Linguistics},
  pages     = {326--336},
  abstract  = {We present the joint task of incremental disfluency detection and utterance
	segmentation and a simple deep learning system which performs it on transcripts
	and ASR results. We show how the constraints of the two tasks interact. Our
	joint-task system outperforms the equivalent individual task systems, provides
	competitive results and is suitable for future use in conversation agents in
	the psychiatric domain.},
  url       = {http://www.aclweb.org/anthology/E17-1031}
}

