@PhDThesis{Hough15Thesis,
  author = "Hough, Julian",
  school = "Queen Mary University of London",
  title = "Modelling Incremental Self-Repair Processing in Dialogue",
  year = "2015"
}