@InCollection{HoughPurver17TypeTheoryBookChapter,
  author    = {Hough, Julian  and  Purver, Matthew},
  title     = {{Probabilistic Record Type Lattices for Incremental Reference Processing}},
  booktitle = {Modern Perspectives in Type-Theoretical Semantics},
  month     = {Feb},
  year      = {2017},
  pages     = {189--222},
  editor    = {Chatzikyriakidis, Stergios  and  Luo, Zhaohui},
  publisher = "Springer International Publishing",
  series    = "Studies in Linguistics and Philosophy",
  volume    = {98},
  isbn 	    = "978-3-319-50420-9 / 978-3-319-50422-3",
  annote    = "ISBN 978-3-319-50420-9 / 978-3-319-50422-3",
  issn      = "0924-4662",
  doi       = "10.1007/978-3-319-50422-3_8",
  url       = {http://www.springer.com/us/book/9783319504209}
}
