@InProceedings{Hough.Purver14TTNLS,
  author= {Hough, Julian  and  Purver, Matthew},
  title= {Probabilistic Type Theory for Incremental Dialogue Processing},
  booktitle= {Proceedings of the EACL 2014 Workshop on Type Theory and Natural Language Semantics (TTNLS)},
  month= {April},
  year= {2014},
  address= {Gothenburg, Sweden},
  publisher= {Association for Computational Linguistics},
  pages= {80--88},
  url= {http://www.aclweb.org/anthology/W14-1410}
}