@InProceedings{HoughPurver14EMNLP,
  author    = {Hough, Julian  and  Purver, Matthew},
  title     = {Strongly Incremental Repair Detection},
  booktitle = {Proceedings of the 2014 Conference on Empirical Methods in Natural Language Processing (EMNLP)},
  month     = {October},
  year      = {2014},
  address   = {Doha, Qatar},
  publisher = {Association for Computational Linguistics},
  pages     = {78--89},
  url       = {http://www.aclweb.org/anthology/D14-1009}
}

