@conference{HoughSchlangen15IMCIWCS,
author = "Julian Hough and David Schlangen",
address = "London, UK",
booktitle = "Interactive meaning construction in dialogue (workshop at IWCS)",
title = {{Inferring Meaning from Disfluencies in an Incremental Dialogue Framework}},
year = "2015",
month = "April"
}
