@inproceedings{HowesEtAl17CogSci,
author = "Christine Howes and Mary Lavelle and Patrick G. T. Healey and Julian Hough and Rose McCabe",
address = "London, UK",
booktitle = "Proceedings of the 39th Annual Meeting of the Cognitive Science Society",
title = "{D}isfluencies in dialogues with patients with schizophrenia",
year = "2017"
}

