@inproceedings{Howes2016Rapid,
  title={Helping hands? Gesture and self-repair in schizophrenia},
  author={Howes, Christine and Lavelle, Mary and Healey, Pat and Hough, Julian and McCab, Rose},
  booktitle={Proceedings of LREC 2016 Workshop. Resources and Processing of Linguistic and Extra-Linguistic Data from People with Various Forms of Cognitive/Psychiatric Impairments (RaPID-2016), Monday 23rd of May 2016},
  number={128},
  year={2016},
  organization={Link{\"o}ping University Electronic Press}
}
