@article{HowesEtAl13BBS,
author = {Howes,Christine and Healey,Patrick G. T. and Eshghi,Arash and Hough,Julian},
title = {“Well, that's one way”: Interactivity in parsing and production},
journal = {Behavioral and Brain Sciences},
volume = {36},
issue = {04},
month = {8},
year = {2013},
issn = {1469-1825},
pages = {359--359},
numpages = {1},
doi = {10.1017/S0140525X12002592},
URL = {http://journals.cambridge.org/article_S0140525X12002592},
}