@inproceedings{HowesEtAl17CommCog,
author = "Christine Howes and Mary Lavelle and Patrick G. T. Healey and Julian Hough and Rose McCabe",
booktitle = "Communication and Cognition - Miscommunication: Getting lost in language(s)",
title = "{S}elf-repair in dialogue with patients with schizophrenia",
year = "2017"
}

