@InProceedings{HowesEtAl14SemDial,
  author    = {Howes, Christine and Hough, Julian  and  Purver, Matthew and McCabe, Rose},
  title     = {Helping, I Mean Assessing Psychiatric Communication: An Application of Incremental Self-Repair Detection},
  booktitle = {Proceedings of the 18th {SemDial} Workshop on the Semantics and Pragmatics of Dialogue ({DialWatt})},
  month     = {September},
  year      = {2014},
  address   = {Edinburgh},
  pages     = {80--89},
  annote    = {ISSN 2308-2275},
  issn      = {2308-2275},
  url       = {http://www.macs.hw.ac.uk/InteractionLab/Semdial/semdial14.pdf}
}
