@incollection{KempsonEtAl18Ellipsis,
  title={{Ellipsis in Dynamic Syntax}},
  author={Kempson, Ruth and Gregoromichelaki, Eleni and Eshghi, Arash and Hough, Julian},
  booktitle={The Oxford Handbook of Ellipsis},
  year={2018},
  editor={Van Craenenbroeck, Jeroen and Temmerman, Tanja},
  publisher={Oxford University Press}
}
