@InProceedings{KousidisEtAl15Laughter,
 author       = {Kousidis, Spyridon and Hough, Julian and Schlangen, David},
  language     = {English},
  location     = {Enschede, Netherlands},
  pages        = {23--25},
  title        = {Exploring the Body and Head Kinematics of Laughter, Filled Pauses and Breaths},
  booktitle = {Proceedings of The 4th Interdisciplinary Workshop on Laughter and Other Non-verbal Vocalisations in Speech},
  year         = {2015},
}

