@inproceedings{MaierEtAl17InterSpeech,
  author       = {Maier, Angelika and Hough, Julian and Schlangen, David},
  booktitle    = {Proceedings of INTERSPEECH 2017},
  address      = {Stockholm, Sweden},
  title        = {{Towards Deep End-of-Turn Prediction for Situated Spoken Dialogue Systems}},
  year         = {2017},
}
