@article{nagele2024sleep,
  title={“The sleep data looks way better than I feel.” An autoethnographic account and diffractive reading of sleep-tracking},
  author={Nagele, Anna Nolda and Hough, Julian},
  journal={Frontiers in Computer Science},
  volume={6},
  pages={1258289},
  year={2024},
  publisher={Frontiers Media SA}
}
