@inproceedings{NasreenEtAl19SLSP,
    title = "Interaction Patterns in Conversations with {A}lzheimer's Patients",
    author = "Nasreen, Shamila  and  Purver, Matthew  and  Hough, Julian",
    booktitle = "Proceedings of the 7th International Conference on Statistical Language and Speech Processing",
    month = oct,
    year = 2019,
    address = "Ljubljana, Slovenia"
}
