@inproceedings{NasreenEtAl21Interspeech,
    title = "Detecting Alzheimer's Disease Using Interactional and Acoustic Features from Spontaneous Speech",
    author = "Nasreen, Shamila  and  Hough, Julian  and Purver, Matthew",
    booktitle = "Proceedings of {INTERSPEECH}",
    pages = "1962-1966",
    month = sep,
    year = 2021,
    address = "Brno, Czechia",
    publisher = "ISCA",
    issn = "1990-9772",
    note = "ISSN 1990-9772",
    doi = "10.21437/Interspeech.2021-1526",
    url = "http://doi.org/10.21437/Interspeech.2021-1526",
}
