@inproceedings{Ozkanetal2023cuichi,
  title={Piloting A Novel Framework for Robust Multimodal Disfluency Detection},
  author={{\"O}zkan, Elif Ecem and Hough, Julian and Healey, Patrick GT and Jamone, Lorenzo},
  booktitle={CUI@CHI: Inclusive Design of CUIs Across Modalities and Mobilities workshop at ACM CHI Conference on Human Factors in Computing Systems.},
  year={2023},
  publisher={CUI}
}