@inproceedings{ozkan2021specific,
  title={Specific hand motion patterns correlate to miscommunications during dyadic conversations},
  author={{\"O}zkan, Elif Ecem and Gurion, Tom and Hough, Julian and Healey, Patrick GT and Jamone, Lorenzo},
  booktitle={2021 IEEE International Conference on Development and Learning (ICDL)},
  pages={1--6},
  year={2021},
  organization={IEEE},
  doi={10.1109/ICDL49984.2021.9515613}
}
