@article{ozkan2023speakers,
  title={Speakers raise their hands and head during self-repairs in dyadic conversations},
  author={{\"O}zkan, Elif Ecem and Healey, Patrick GT and Gurion, Tom and Hough, Julian and Jamone, Lorenzo},
  journal={IEEE Transactions on Cognitive and Developmental Systems},
  volume={15},
  number={4},
  pages={1993--2003},
  year={2023},
  publisher={IEEE}
}