@inproceedings{ozkan2022speaker,
  title={Speaker Motion Patterns during Self-repairs in Natural Dialogue},
  author={Ozkan, Elif Ecem and Gurion, Tom and Hough, Julian and Healey, Patrick GT and Jamone, Lorenzo},
  booktitle={Companion Publication of the 2022 International Conference on Multimodal Interaction},
  pages={24--29},
  year={2022}
}
