@InCollection{PurverEtAl14NLGIS,
  author = "Purver, Matthew and Hough, Julian and Gregoromichelaki, Eleni",
  title = "Dialogue and Compound Contributions",
  booktitle = "Natural Language Generation in Interactive Systems",
  pages = "63--92",
  editor = "Stent, A. and Bangalore, S.",
  publisher = "Cambridge University Press",
  year = "2014",
  month = jun,
  annote = "ISBN 978-11-07010024",
  isbn = "978-11-07010024",
  url = "http://www.cambridge.org/us/academic/subjects/engineering/communications-and-signal-processing/natural-language-generation-interactive-systems"
}