@Article{PurverEtAl18Topics,
  author = "Purver, Matthew and Hough, Julian and Howes, Christine",
  title = "Computational Models of Miscommunication Phenomena",
  journal = "Topics in Cognitive Science",
  volume = "to appear",
  year = 2018,
  publisher = "Cognitive Science Society",
  annote = "ISSN 1756-8765",
  issn = "1756-8765",
  doi = "10.1111/tops.12324",
  url = "http://dx.doi.org/10.1111/tops.12324",
  url = "http://onlinelibrary.wiley.com/doi/10.1111/tops.12324/full"
}
