@conference{PurverEtAl13LingEv,
author = "Purver, Matthew and Eshghi, Arash and Hough, Julian",
address = "Berlin, Germany",
title = {{Data-driven Learning in an Incremental Grammar Framework}},
note = {{Linguistic Evidence conference}},
month = "April",
year = "2013"
}

