@Article{PurverEtAl21JOLLI,
  author    = "Purver, Matthew and Sadrzadeh, Mehrnoosh and Kempson, Ruth and Wijnholds, Gijs and Hough, Julian",
  title     = "Incremental Composition in Distributional Semantics",
  journal   = "Journal of Logic, Language and Information",
  year      = 2021,
  volume = 30,
  number = 2,
  pages = "379--406",
  month = jun,
  issn = "1572-9583",
  annote = "ISSN 1572-9583",
  doi = "10.1007/s10849-021-09337-8",
  url       = "http://doi.org/10.1007/s10849-021-09337-8"
}
