@inproceedings{Rohanian2020,
  author={Morteza Rohanian and Julian Hough and Matthew Purver},
  title={{Multi-Modal Fusion with Gating Using Audio, Lexical and Disfluency Features for Alzheimerâ€™s Dementia Recognition from Spontaneous Speech}},
  year=2020,
  booktitle={Proc. Interspeech 2020},
  pages={2187--2191},
  doi={10.21437/Interspeech.2020-2721},
  url={http://dx.doi.org/10.21437/Interspeech.2020-2721}
}