@inproceedings{RohanianEtAl2019Interspeech,
  author={Morteza Rohanian and Julian Hough and Matthew Purver},
  title={{Detecting Depression with Word-Level Multimodal Fusion}},
  year=2019,
  booktitle={Proc. Interspeech 2019},
  pages={1443--1447},
  doi={10.21437/Interspeech.2019-2283},
  url={http://dx.doi.org/10.21437/Interspeech.2019-2283}
}