@inproceedings{RohanianEtAl21Interspeech,
    title = "Alzheimer's Dementia Recognition Using Acoustic, Lexical, Disfluency and Speech Pause Features Robust to Noisy Inputs",
    author = "Rohanian, Morteza  and  Hough, Julian  and Purver, Matthew",
    booktitle = "Proceedings of {INTERSPEECH}",
    pages = "3820-3824",
    month = sep,
    year = 2021,
    address = "Brno, Czechia",
    publisher = "ISCA",
    issn = "1990-9772",
    note = "ISSN 1990-9772",
    doi = "10.21437/Interspeech.2021-1633",
    url = "http://doi.org/10.21437/Interspeech.2021-1633"
}
