@InProceedings{ SadrzadehEtAl18SemDial,
  author    = "Sadrzadeh, Mehrnoosh and Purver, Matthew and Hough, Julian and Kempson, Ruth",
  title     = "Exploring Semantic Incrementality with {D}ynamic {S}yntax and Vector Space Semantics",
  booktitle = "Proceedings of the 22nd {SemDial} Workshop on the Semantics and Pragmatics of Dialogue ({AixDial})",
  month     = nov,
  year      = 2018,
  address   = "Aix-en-Provence",
  pages = "122-131",
  issn = "2308-2275",
  annote = "ISSN 2308-2275",
  url       = "http://www.eecs.qmul.ac.uk/~mpurver/papers/sadrzadeh-et-al18semdial.pdf",
  url = "https://arxiv.org/abs/1811.00614"
}
