@proceedings{ws-2019-iwcs,
    title = "Proceedings of the {IWCS} Workshop Vector Semantics for Discourse and Dialogue",
    editor = "Sadrzadeh, Mehrnoosh  and
      Purver, Matthew  and
      Eshghi, Arash  and
      Hough, Julian  and
      Kempson, Ruth  and
      Healey, Patrick G. T.",
    month = may,
    year = "2019",
    address = "Gothenburg, Sweden",
    publisher = "Association for Computational Linguistics",
    url = "https://www.aclweb.org/anthology/W19-0900",
}
