@INPROCEEDINGS{SumanathilakaEtAl25ICNLP,
  author={Sumanathilaka, Deshan and Micallef, Nicholas and Hough, Julian},
  booktitle={2025 7th International Conference on Natural Language Processing (ICNLP)}, 
  title={Exploring the Impact of Temperature on Large Language Models: A Case Study for Classification Task Based on Word Sense Disambiguation}, 
  year={2025},
  volume={},
  number={},
  pages={178-182},
  keywords={Temperature sensors;Large language models;Natural language processing;Temperature control;Creativity;Large Language Models;Word Sense Disambiguation;Temperature Parameter;Few-shot Prompting;Classification Tasks},
  doi={10.1109/ICNLP65360.2025.11108362}}
