@INPROCEEDINGS{SumanathilakaEtAl24NLPAICS,
  title={Can LLMs assist with Ambiguity? A Quantitative Evaluation of various Large Language Models on Word Sense Disambiguation},
  author={Sumanathilaka, TGDK and Micallef, Nicholas and Hough, Julian},
  booktitle = {{Proceedings of NLPAICS 2024: First International Conference on Natural Language Processing and Artificial Intelligence for Cyber Security}},
    month = {aug},
    address = {Lancaster, UK},
    pages = {97-108},
  year={2024}

}
