@INPROCEEDINGS{SumanathilakaEtAl24ICSGRC,
  author={Sumanathilaka, Deshan and Micallef, Nicholas and Hough, Julian},
  booktitle={2024 IEEE 15th Control and System Graduate Research Colloquium (ICSGRC)}, 
  title={Assessing GPT's Potential for Word Sense Disambiguation: A Quantitative Evaluation on Prompt Engineering Techniques}, 
  year={2024},
  volume={},
  number={},
  pages={204-209},
  keywords={Accuracy;Social networking (online);Large language models;Knowledge graphs;Tagging;Digital communication;Control systems;Computational linguistics;Prompt engineering;Large Language Models;Word Sense Disambiguation;FEWS sense tags;Few Shot Prompting;Knowledge Graph},
  doi={10.1109/ICSGRC62081.2024.10691283}}
