@inproceedings{ZarriessEtAl2016LREC,
  author       = {Zarrie{\ss}, Sina and Hough, Julian and Kennington, Casey and Manuvinakurike, Ramesh and DeVault, David and Fern{\'a}ndez, Raquel and Schlangen, David},
  booktitle    = {10th edition of the Language Resources and Evaluation Conference},
  address     = {Portoro\v{z} (Slovenia)},
  title        = {{PentoRef: A Corpus of Spoken References in Task-oriented Dialogues}},
  year         = {2016},
}
